%examples of reference to a book
@book{Bilbao2009,
	 Author = {S. Bilbao},
	 Title = {Numerical Sound Synthesis},
	 Publisher = {J. Wiley {\&} Sons},
	 Year = {2009}
 }


%example of reference to a book chapter
@inbook{Serra:1996:sms,
	Author = {X. Serra},
	Chapter = {Musical Sound Modeling with Sinusoids plus Noise},
	Publisher = {G. D. Poli, A. Picialli, S. T. Pope, and C. Roads Eds. Swets \& Zeitlinger},
        Address = {Lisse, Switzerland},
	Title = {Musical Signal Processing},
	Pages = {91--122}, 
	Year = {1996}}

%example of reference to a journal paper
@article{Moorer:2000:AES:audio:millenium,
	Author = {James A. Moorer},
	Title = {Audio in the new millennium},
	Journal = {J. Audio Eng. Soc.},
	Volume = 48,
	Number = 5,
	Year = 2000,
	Month = may,
	Pages = {490--498}}

@article{Dupont2002,
author = {Dupont, P. and Hayward, V. and Armstrong, B.},
number = {5},
pages = {787--792},
title = {Single State Elastoplastic Friction Models},
volume = {47},
year = {2002}
}

@article{Reynolds1886,
author = {Reynolds, O.},
volume = {177},
pages = {157--234},
title = {On the theory of lubrication and its application to mr. beauchamp tower's experiments, including an experimental determination of the viscosity of olive oil},
journal = {Phil. Trans. Royal Soc.},
year = {1886}
}

@article{Morin1833,
author = {Morin, A.J.},
volume = {4},
pages = {1--128},
title = {New friction experiments carried out at metz in 1831-1833},
journal = {Proceedings of the French Royal Academy of Sciences},
year = {1833}
}

@article{Stribeck1902,
author = {Stribeck, R.},
volume = {46},
number = {38, 39},
pages = {1342--48, 1432--37},
title = {Die wesentlichen Eigenschaften der Gleit- und Rollenlager -- {The} key qualities of sliding and roller bearings},
journal = {Zeitschrift des Vereines Deutscher Ingenieure},
year = {1902}
}

@article{Smith1986,
author = {Smith, J.O.},
pages = {275--280},
publisher = {ICMC 86},
title = {Efficient simulation of the reed bore and bow string},
year = {1986}
}


@article{Maestre2014,
author = {Maestre, E. and Spa, C. and Smith, J.O.},
pages = {1305--1311},
title = {A BOWED STRING PHYSICAL MODEL INCLUDING FINITE-WIDTH THERMAL FRICTION AND HAIR DYNAMICS},
journal = {Proceedings ICMC$|$SMC$|$2014},
year = {2014}
}

@article{Borin1989,
author = {Borin, G. and de Poli, G. and Sarti, A.},
journal = {Proceedings of the international computer music conference},
pages = {46--50},
title = {A Modular Approach to Excitator-Resonator Interaction in Physical Models Synthesis},
year = {1989}
}

C.S. Gillmor. Charles Augustin Coulomb: Physics and Engineering in Eighteen century France. Princeton, N.J., 1971

@book{Coulomb,
author = {Gillmor, C.S.},
title = {Charles Augustin Coulomb: Physics and Engineering in Eighteen century {France}},
publisher = {Princeton, N.J.},
year = {1971}
}


%example of reference to a proceedings paper
@InProceedings{Nackaerts:2001:ICMC,
  Author = 	 {A. Nackaerts and B. {De Moor} and R. Lauwereins},
  Title = 	 {Parameter estimation for dual-polarization plucked string models},
  Booktitle = 	 {Proc. Intl. Computer Music Conf.},
  Pages = 	 {203--206},
  Year = 	 {2001},
  Address = 	 {Havana, Cuba},
  Month = 	 {Sept. 17-23,}}

%example of reference to a proceeding paper
@inproceedings{Arfib:1998:DAFx,
	Author = {D. Arfib},
	Booktitle = {Proc. Digital Audio Effects (DAFx-98)},
	Title = {Different ways to write digital audio effects programs},
	Pages = {188--91}, 
	Year = {1998},
        Address = {Barcelona, Spain}, 
        Month = {Nov. 19-21,}}

%example of reference to a technical report
@techreport{Askenfelt:1976:automatic:transcription,
	Author = {A. Askenfelt},
	Title = {Automatic notation of played music (status report)},
	Institution = {{STL-QPSR, Vol. 1, pp. 1--11}},
	Year = {1976}}

%example of reference to a master thesis
@mastersthesis{Egozy:1995:MIT:features:gesture,
	Author = {E.~B. Egozy}, 
	title = {Deriving musical control features from a real-time timbre analysis of the clarinet},
	School = {Massachusetts Institute of Technology}, 
	Year = {1995}}

%example of reference to a PhD thesis
@phdthesis{Dutilleux:1991,
	Author = {P. Dutilleux},
	School = {University of Aix-Marseille II},
	Title = {Vers la machine \`a sculpter le son, modification en temps-r\'eel des caract\'eristiques fr\'equentielles et temporelles des sons},
	Year = {1991}}

%example of reference to a web page
@unpublished{Fitz:Haken:2003:Web:morphing:loris,
	Author = {K. Fitz and L. Haken},
	Title = {{Current Research in Real-time Sound Morphing}}, 
	note = {Available at \href{http://www.cerlsoundgroup.org/RealTimeMorph/}{http://www.cerlsoundgroup\allowbreak .org/\allowbreak RealTimeMorph/}},
	Year = {accessed March 08, 2006}}
